<?xml version="1.0" encoding="UTF-8"?><record xmlns="http://www.loc.gov/MARC21/slim" xmlns:cinclude="http://apache.org/cocoon/include/1.0" xmlns:zs="http://www.loc.gov/zing/srw/">
  <leader>00507nz  a2200133n  4500</leader>
  <controlfield tag="001">n  85362550 </controlfield>
  <controlfield tag="003">DLC</controlfield>
  <controlfield tag="005">19870706061632.9</controlfield>
  <controlfield tag="008">870409n| acannaab|          |a aaa |||  </controlfield>
  <datafield tag="010" ind1=" " ind2=" ">
    <subfield code="a">n  85362550 </subfield>
  </datafield>
  <datafield tag="040" ind1=" " ind2=" ">
    <subfield code="a">DLC</subfield>
    <subfield code="c">DLC</subfield>
  </datafield>
  <datafield tag="100" ind1="1" ind2="0">
    <subfield code="a">Hafner, J.</subfield>
    <subfield code="q">(Jürgen),</subfield>
    <subfield code="d">1945-</subfield>
  </datafield>
  <datafield tag="400" ind1="1" ind2="0">
    <subfield code="a">Hafner, Jürgen,</subfield>
    <subfield code="d">1945-</subfield>
  </datafield>
  <datafield tag="670" ind1=" " ind2=" ">
    <subfield code="a">His From Hamiltonians to phase diagrams, c1987:</subfield>
    <subfield code="b">CIP t.p. (J. Hafner) t.p. verso (Dr. Jürgen Hafner; Institut für Theoretische Physik, Techn. Universität, Wien, Austria) data sheet (b. 7/24/45)</subfield>
  </datafield>
</record>